@article{cysouwgood2013,
	author = {Cysouw, Michael  and Good, Jeff},
	title = {Languoid, Doculect, Glossonym: Formalizing the notion “language”},
	journal = {Language Documentation and Conservation},
	uuid = {D254A6D6-B9B2-4B28-8CB6-345B5B21492F},
	volume = {7},
	pages = {331-359},
	year = {2013},
	url = {http://hdl.handle.net/10125/4606},
	Citation_identifier = {Cysouw 2013},
	publicationStatus = {Unknown}
}
